<?xml version="1.0" encoding="UTF-8"?><record xmlns="http://www.loc.gov/MARC21/slim" xmlns:cinclude="http://apache.org/cocoon/include/1.0" xmlns:zs="http://www.loc.gov/zing/srw/">
  <leader>00390nz  a2200133n  4500</leader>
  <controlfield tag="001">no2006101664</controlfield>
  <controlfield tag="003">DLC</controlfield>
  <controlfield tag="005">20060928075112.0</controlfield>
  <controlfield tag="008">060919n| acannaabn          |n aaa     c</controlfield>
  <datafield tag="010" ind1=" " ind2=" ">
    <subfield code="a">no2006101664</subfield>
  </datafield>
  <datafield tag="035" ind1=" " ind2=" ">
    <subfield code="a">(OCoLC)oca07061044</subfield>
  </datafield>
  <datafield tag="040" ind1=" " ind2=" ">
    <subfield code="a">ItFiC</subfield>
    <subfield code="b">eng</subfield>
    <subfield code="c">ItFiC</subfield>
  </datafield>
  <datafield tag="100" ind1="1" ind2=" ">
    <subfield code="a">Donnici, Gabriella</subfield>
  </datafield>
  <datafield tag="670" ind1=" " ind2=" ">
    <subfield code="a">Le carte Flora fra memoria e ricerca, 2006:</subfield>
    <subfield code="b">t.p. (Gabriella Donnici) back flap (librarian)</subfield>
  </datafield>
</record>